<?xml version="1.0"?>
<marc:collection xmlns:marc="http://www.loc.gov/MARC21/slim" xmlns:xsi="http://www.w3.org/2001/XMLSchema-instance" xsi:schemaLocation="http://www.loc.gov/MARC21/slim http://www.loc.gov/standards/marcxml/schema/MARC21slim.xsd">
   <marc:record type="Bibliographic">
      <marc:leader>02188cam a2200421 a 4500</marc:leader>
      <marc:controlfield tag="001">803539</marc:controlfield>
      <marc:controlfield tag="003">NjP</marc:controlfield>
      <marc:controlfield tag="005">20140221113133.0</marc:controlfield>
      <marc:controlfield tag="008">930423s1987    ir       b    001 0 ara d</marc:controlfield>
      <marc:datafield tag="024" ind1="7" ind2=" ">
         <marc:subfield code="a">princeton_aco000088</marc:subfield>
         <marc:subfield code="2">local</marc:subfield>
      </marc:datafield>
      <marc:datafield tag="035" ind1=" " ind2=" ">
         <marc:subfield code="a">(OCoLC)ocn176790362</marc:subfield>
      </marc:datafield>
      <marc:datafield tag="040" ind1=" " ind2=" ">
         <marc:subfield code="a">NjP</marc:subfield>
         <marc:subfield code="c">PUL</marc:subfield>
         <marc:subfield code="d">PUL</marc:subfield>
      </marc:datafield>
      <marc:datafield tag="035" ind1=" " ind2=" ">
         <marc:subfield code="a">(OCoLC)176790362</marc:subfield>
      </marc:datafield>
      <marc:datafield tag="035" ind1=" " ind2=" ">
         <marc:subfield code="a">(CStRLIN)NJPG93-B22921</marc:subfield>
      </marc:datafield>
      <marc:datafield tag="035" ind1=" " ind2=" ">
         <marc:subfield code="9">ADX6556TS</marc:subfield>
      </marc:datafield>
      <marc:datafield tag="035" ind1=" " ind2=" ">
         <marc:subfield code="a">(NjP)803539</marc:subfield>
      </marc:datafield>
      <marc:datafield tag="079" ind1=" " ind2=" ">
         <marc:subfield code="a">ocm28007800</marc:subfield>
      </marc:datafield>
      <marc:datafield tag="049" ind1=" " ind2=" ">
         <marc:subfield code="a">PULL</marc:subfield>
      </marc:datafield>
      <marc:datafield tag="100" ind1="0" ind2=" ">
         <marc:subfield code="6">880-01</marc:subfield>
         <marc:subfield code="a">Ibn al-Sikki&#x304;t,</marc:subfield>
         <marc:subfield code="d">-857 or 858.</marc:subfield>
      </marc:datafield>
      <marc:datafield tag="240" ind1="1" ind2="0">
         <marc:subfield code="6">880-02</marc:subfield>
         <marc:subfield code="a">Tahdhi&#x304;b al-alfa&#x304;z&#x323;</marc:subfield>
      </marc:datafield>
      <marc:datafield tag="245" ind1="1" ind2="0">
         <marc:subfield code="6">880-03</marc:subfield>
         <marc:subfield code="a">Kanz al-h&#x323;uffa&#x304;z&#x323; fi&#x304; kita&#x304;b Tahdhi&#x304;b al-alfa&#x304;z&#x323; /</marc:subfield>
         <marc:subfield code="c">li-Abi&#x304; Yu&#x304;suf Ya&#x2BB;qu&#x304;b ibn Ish&#x323;a&#x304;q al-Sikki&#x304;t ; hadhdhabahu Abu&#x304; Zakari&#x304;ya&#x304; Yah&#x323;ya&#x301; ibn &#x2BB;Ali&#x304; al-Khat&#x323;i&#x304;b al-Tibri&#x304;zi&#x304; ; waqafa &#x2BB;ala&#x301; t&#x323;ab&#x2BB;ihi wa-d&#x323;abt&#x323;ihi wa-jam&#x2BB; riwa&#x304;ya&#x304;tihi Lu&#x304;wi&#x304;s Shaykhu&#x304;.</marc:subfield>
      </marc:datafield>
      <marc:datafield tag="260" ind1=" " ind2=" ">
         <marc:subfield code="6">880-04</marc:subfield>
         <marc:subfield code="a">[Iran] :</marc:subfield>
         <marc:subfield code="b">al-Mu&#x2BB;a&#x304;wani&#x304;yah al-Thaqa&#x304;fi&#x304;yah lil-A&#x304;sita&#x304;nah al-Rid&#x323;awi&#x304;yah al-Muqaddasah,</marc:subfield>
         <marc:subfield code="c">1366 [1987]</marc:subfield>
      </marc:datafield>
      <marc:datafield tag="300" ind1=" " ind2=" ">
         <marc:subfield code="a">940, iv p. ;</marc:subfield>
         <marc:subfield code="c">24 cm.</marc:subfield>
      </marc:datafield>
      <marc:datafield tag="500" ind1=" " ind2=" ">
         <marc:subfield code="a">Title on added t.p.: La critique du langage.</marc:subfield>
      </marc:datafield>
      <marc:datafield tag="504" ind1=" " ind2=" ">
         <marc:subfield code="a">Includes bibliographical references and indexes.</marc:subfield>
      </marc:datafield>
      <marc:datafield tag="650" ind1=" " ind2="0">
         <marc:subfield code="a">Arabic language</marc:subfield>
         <marc:subfield code="x">Terms and phrases</marc:subfield>
         <marc:subfield code="x">Early works to 1800.</marc:subfield>
      </marc:datafield>
      <marc:datafield tag="650" ind1=" " ind2="0">
         <marc:subfield code="a">Arabic language</marc:subfield>
         <marc:subfield code="x">Synonyms and antonyms</marc:subfield>
         <marc:subfield code="x">Early works to 1800.</marc:subfield>
      </marc:datafield>
      <marc:datafield tag="740" ind1="0" ind2=" ">
         <marc:subfield code="a">Critique du langage.</marc:subfield>
      </marc:datafield>
      <marc:datafield tag="700" ind1="1" ind2=" ">
         <marc:subfield code="a">Cheikho, Louis,</marc:subfield>
         <marc:subfield code="d">1859-1927.</marc:subfield>
      </marc:datafield>
      <marc:datafield tag="700" ind1="1" ind2=" ">
         <marc:subfield code="6">880-05</marc:subfield>
         <marc:subfield code="a">Tibri&#x304;zi&#x304;, Yah&#x323;ya&#x301; ibn &#x2BB;Ali&#x304;,</marc:subfield>
         <marc:subfield code="d">-1109.</marc:subfield>
      </marc:datafield>
      <marc:datafield tag="880" ind1="0" ind2=" ">
         <marc:subfield code="6">100-01/r</marc:subfield>
         <marc:subfield code="a">&#x627;&#x628;&#x646; &#x627;&#x644;&#x633;&#x643;&#x64A;&#x62A;&#x60C;</marc:subfield>
         <marc:subfield code="d">-857 or 858.</marc:subfield>
      </marc:datafield>
      <marc:datafield tag="880" ind1="1" ind2="0">
         <marc:subfield code="6">240-02/r</marc:subfield>
         <marc:subfield code="a">&#x62A;&#x647;&#x630;&#x64A;&#x628; &#x627;&#x644;&#x627;&#x644;&#x641;&#x627;&#x638;</marc:subfield>
      </marc:datafield>
      <marc:datafield tag="880" ind1="1" ind2="0">
         <marc:subfield code="6">245-03/r</marc:subfield>
         <marc:subfield code="a">&#x643;&#x646;&#x632; &#x627;&#x644;&#x62D;&#x641;&#x627;&#x638; &#x641;&#x64A; &#x643;&#x62A;&#x627;&#x628; &#x62A;&#x647;&#x630;&#x64A;&#x628; &#x627;&#x644;&#x627;&#x644;&#x641;&#x627;&#x638; /</marc:subfield>
         <marc:subfield code="c">&#x644;&#x627;&#x628;&#x64A; &#x64A;&#x648;&#x633;&#x641; &#x64A;&#x639;&#x642;&#x648;&#x628; &#x628;&#x646; &#x627;&#x633;&#x62D;&#x627;&#x642; &#x627;&#x644;&#x633;&#x643;&#x64A;&#x62A; &#x61B; &#x647;&#x630;&#x628;&#x647; &#x627;&#x628;&#x648; &#x632;&#x643;&#x631;&#x64A;&#x627; &#x64A;&#x62D;&#x64A;&#x649; &#x628;&#x646; &#x639;&#x644;&#x64A; &#x627;&#x644;&#x62E;&#x637;&#x64A;&#x628; &#x627;&#x644;&#x62A;&#x628;&#x631;&#x64A;&#x632;&#x64A; &#x61B; &#x648;&#x642;&#x641; &#x639;&#x644;&#x649; &#x637;&#x628;&#x639;&#x647; &#x648;&#x636;&#x628;&#x637;&#x647; &#x648;&#x62C;&#x645;&#x639; &#x631;&#x648;&#x627;&#x64A;&#x627;&#x62A;&#x647; &#x644;&#x648;&#x64A;&#x633; &#x634;&#x64A;&#x62E;&#x648;&#x627;.</marc:subfield>
      </marc:datafield>
      <marc:datafield tag="880" ind1=" " ind2=" ">
         <marc:subfield code="6">260-04/r</marc:subfield>
         <marc:subfield code="a">[&#x627;&#x64A;&#x631;&#x627;&#x646;] :</marc:subfield>
         <marc:subfield code="b">&#x627;&#x644;&#x645;&#x639;&#x627;&#x648;&#x646;&#x64A;&#x629; &#x627;&#x644;&#x62B;&#x642;&#x627;&#x641;&#x64A;&#x629; &#x644;&#x644;&#x627;&#x622;&#x633;&#x62A;&#x627;&#x646;&#x629; &#x627;&#x644;&#x631;&#x636;&#x648;&#x64A;&#x629; &#x627;&#x644;&#x645;&#x642;&#x62F;&#x633;&#x629;&#x60C;</marc:subfield>
         <marc:subfield code="c">1366 [1987]</marc:subfield>
      </marc:datafield>
      <marc:datafield tag="880" ind1="1" ind2=" ">
         <marc:subfield code="6">700-05/r</marc:subfield>
         <marc:subfield code="a">&#x62A;&#x628;&#x631;&#x64A;&#x632;&#x64A;&#x60C; &#x64A;&#x62D;&#x64A;&#x649; &#x628;&#x646; &#x639;&#x644;&#x64A;&#x60C;</marc:subfield>
         <marc:subfield code="d">-1109.</marc:subfield>
      </marc:datafield>
      <marc:datafield tag="998" ind1=" " ind2=" ">
         <marc:subfield code="a">04/23/93</marc:subfield>
         <marc:subfield code="s">9114</marc:subfield>
         <marc:subfield code="n">NjP</marc:subfield>
         <marc:subfield code="d">04/23/93</marc:subfield>
         <marc:subfield code="c">JEB</marc:subfield>
         <marc:subfield code="b">JEB</marc:subfield>
         <marc:subfield code="i">930423</marc:subfield>
         <marc:subfield code="l">NJPG</marc:subfield>
      </marc:datafield>
      <marc:datafield tag="911" ind1=" " ind2=" ">
         <marc:subfield code="a">19930429</marc:subfield>
      </marc:datafield>
      <marc:datafield tag="912" ind1=" " ind2=" ">
         <marc:subfield code="a">19930423000000.0</marc:subfield>
      </marc:datafield>
      <marc:datafield tag="994" ind1=" " ind2=" ">
         <marc:subfield code="a">C0</marc:subfield>
         <marc:subfield code="b">PUL</marc:subfield>
      </marc:datafield>
      <marc:datafield tag="999" ind1=" " ind2=" ">
         <marc:subfield code="a">803539</marc:subfield>
      </marc:datafield>
   </marc:record>
</marc:collection>
